@book{dnd:giocatore,
  title     = "Dungeons and Dragons - Manuale del giocatore",
  author    = "AA.VV.",
  year      = 2021,
  publisher = "Wizard of The Coast",
  address   = "Renton, WA (USA)",
  pages=316
}

@book{dnd:mostri,
  title     = "Dungeons and Dragons - Manuale dei mostri",
  author    = "AA.VV.",
  year      = 2021,
  publisher = "Wizard of The Coast",
  address   = "Renton, WA (USA)",
  pages=316
}

@book{dnd:dm,
  title     = "Dungeons and Dragons - Manuale del Dungeon Master",
  author    = "AA.VV.",
  year      = 2021,
  publisher = "Wizard of The Coast",
  address   = "Renton, WA (USA)",
  pages=316
}

@ARTICLE{klitzing:qhe,
   AUTHOR="K. von Klitzing and G. Dorda and M. Pepper",
   TITLE="New method for high accuracy determination of fine structure
            constant based on quantised hall resistance",
   JOURNAL=PRL,
   VOLUME=45,
   PAGES=494,
   YEAR=1980
}
 
@ARTICLE{klitzing:nobel,
   AUTHOR="Klaus von Klitzing",
   TITLE="The Quantised Hall Effect",
   JOURNAL=RMP,
   VOLUME=58,
   PAGES=519,
   YEAR=1986
}

@book{hawking1988,
  title     = "A Brief History of Time: From the {B}ig {B}ang to Black Holes",
  author    = "Hawking, Stephen",
  year      = 1988,
  publisher = "Bantam",
  address   = "London",
  pages=200
}

@book{barbieri:2000,
  title     = "Bho",
  author    = "Barbieri, Massimo",
  year      = 2022,
  publisher = "Bantam",
  address   = "Scandiano"
}	